<record><leader>00000cas a2200000 a 4500</leader><controlfield tag="001">31991357</controlfield><controlfield tag="008">950214d18981929cauwr ne      0    0eng c</controlfield><datafield ind1=" " ind2=" " tag="010"><subfield code="a">sn 94051712 </subfield></datafield><datafield ind1=" " ind2=" " tag="040"><subfield code="a">CNK</subfield><subfield code="b">eng</subfield><subfield code="c">CNK</subfield><subfield code="d">OCLCQ</subfield><subfield code="d">CNK</subfield><subfield code="d">OCLCQ</subfield><subfield code="d">OCLCF</subfield><subfield code="d">OCLCO</subfield></datafield><datafield ind1="1" ind2=" " tag="029"><subfield code="a">AU@</subfield><subfield code="b">000011577487</subfield></datafield><datafield ind1=" " ind2=" " tag="042"><subfield code="a">pcc</subfield></datafield><datafield ind1=" " ind2=" " tag="043"><subfield code="a">n-us-ca</subfield></datafield><datafield ind1="0" ind2="4" tag="245"><subfield code="a">The pomotropic.</subfield></datafield><datafield ind1="3" ind2="0" tag="246"><subfield code="a">Azusa pomotropic</subfield></datafield><datafield ind1=" " ind2=" " tag="260"><subfield code="a">Azusa, Calif. :</subfield><subfield code="b">F.A. Utiger</subfield></datafield><datafield ind1=" " ind2=" " tag="300"><subfield code="a">v.</subfield></datafield><datafield ind1=" " ind2=" " tag="310"><subfield code="a">Weekly</subfield></datafield><datafield ind1="1" ind2=" " tag="362"><subfield code="a">Began in 1898.</subfield></datafield><datafield ind1="0" ind2=" " tag="362"><subfield code="a">-v. 45, no. 5 (Dec. 13, 1929).</subfield></datafield><datafield ind1=" " ind2=" " tag="500"><subfield code="a">Sometimes published as: Azusa pomotropic.</subfield></datafield><datafield ind1=" " ind2=" " tag="515"><subfield code="a">Numbering is irregular.</subfield></datafield><datafield ind1=" " ind2=" " tag="530"><subfield code="a">Master negatives are available for duplication from:</subfield><subfield code="b">California Newspaper Microfilm Archive;</subfield><subfield code="c">positive copies may be purchased by the reel; for further information consult the CNMA at:</subfield><subfield code="u">http://cbsr.ucr.edu</subfield></datafield><datafield ind1=" " ind2=" " tag="588"><subfield code="a">Description based on: Vol. 19, no. 16 (Jan. 4, 1900).</subfield></datafield><datafield ind1=" " ind2="0" tag="651"><subfield code="a">Azusa (Calif.)</subfield><subfield code="v">Newspapers.</subfield></datafield><datafield ind1=" " ind2="7" tag="655"><subfield code="a">Newspapers.</subfield><subfield code="2">fast</subfield><subfield code="0">(OCoLC)fst01423814</subfield></datafield><datafield ind1=" " ind2="7" tag="651"><subfield code="a">California</subfield><subfield code="z">Azusa.</subfield><subfield code="2">fast</subfield><subfield code="0">(OCoLC)fst01217478</subfield></datafield><datafield ind1=" " ind2=" " tag="752"><subfield code="a">United States</subfield><subfield code="b">California</subfield><subfield code="c">Los Angeles</subfield><subfield code="d">Azusa.</subfield></datafield><datafield ind1="0" ind2="0" tag="780"><subfield code="t">Azusa pomotropic</subfield><subfield code="w">(DLC)sn 94051698</subfield></datafield><datafield ind1="0" ind2="7" tag="785"><subfield code="t">Azusa herald (Azusa, Calif. : 1928)</subfield><subfield code="w">(DLC)sn 97069303</subfield></datafield><datafield ind1="0" ind2="7" tag="785"><subfield code="t">Azusa herald and pomotropic</subfield><subfield code="w">(DLC)sn 94051488</subfield></datafield></record>